cle{alur2015syntax,
  title={Syntax-guided synthesis},
  author={Alur, Rajeev and Bodik, Rastislav and Juniwal, Garvit and Martin, Milo MK and Raghothaman, Mukund and Seshia, Sanjit A and Singh, Rishabh and Solar-Lezama, Armando and Torlak, Emina and Udupa, Abhishek},
  journal={Dependable Software Systems Engineering},
  volume={40},
  pages={1--25},
  year={2015},
  publisher={IOS Press}
}

@misc{blanchette2011hammering,
  title={Hammering away: A userâ€™s guide to Sledgehammer for Isabelle/HOL},
  author={Blanchette, Jasmin Christian and Paulson, Lawrence C},
  year={2011}
}

@article{dennis2006comparison,
  title={On the Comparison of Proof Planning Systems:, $\Omega$mega and IsaPlanner},
  author={Dennis, Louise A and Jamnik, Mateja and Pollet, Martin},
  journal={Electronic Notes in Theoretical Computer Science},
  volume={151},
  number={1},
  pages={93--110},
  year={2006},
  publisher={Elsevier}
}

@incollection{meng2004experiments,
  title={Experiments on supporting interactive proof using resolution},
  author={Meng, Jia and Paulson, Lawrence C},
  booktitle={Automated Reasoning},
  pages={372--384},
  year={2004},
  publisher={Springer}
}

@article{meng2006automation,
  title={Automation for interactive proof: First prototype},
  author={Meng, Jia and Quigley, Claire and Paulson, Lawrence C},
  journal={Information and Computation},
  volume={204},
  number={10},
  pages={1575--1596},
  year={2006},
  publisher={Elsevier}
}

@article{paulson2010three,
  title={Three years of experience with Sledgehammer, a practical link between automatic and interactive theorem provers},
  author={Paulson, Lawrence C and Blanchette, Jasmin Christian},
  journal={IWIL-2010},
  year={2010},
  publisher={Citeseer}
}

@misc{peacoq,
  title={PeaCoq},
  author={Robert, Valentin and Lerner, Sorin},
  howpublished = {\url{http://goto.ucsd.edu/peacoq}},
  accessed = {June 3, 2016}
  }
  







